@article{bickel2008covariance,
  title={Covariance regularization by thresholding},
  author={Bickel, Peter J and Levina, Elizaveta},
  journal={The Annals of Statistics},
  pages={2577--2604},
  year={2008},
  publisher={JSTOR}
}
    
@article{johnstone2009consistency,
  title={On consistency and sparsity for principal components analysis in high dimensions},
  author={Johnstone, Iain M and Lu, Arthur Yu},
  journal={Journal of the American Statistical Association},
  volume={104},
  number={486},
  pages={682--693},
  year={2009},
  publisher={Taylor \& Francis}
}

@article{roweis2000nonlinear,
title={Nonlinear dimensionality reduction by locally linear embedding},
author={Roweis, Sam T and Saul, Lawrence K},
journal={science},
volume={290},
number={5500},
pages={2323--2326},
year={2000},
publisher={American Association for the Advancement of Science}
}
